@misc{russell2009artificial,
  title={Artificial intelligence: a modern approach (3rd edition)},
  author={Russell, Stuart Jonathan and Norvig, Peter},
  year={2009},
  publisher={Prentice Hall}
}

@inproceedings{petrushin2000hidden,
  title={Hidden markov models: Fundamentals and applications},
  author={Petrushin, Valery A}
}

@misc{Ashcroft17,
  author        = {Michael Ashcroft},
  title         = {Supplementary -- HMM algorithms},
  month         = {September},
  year          = {2017},
}