@misc{russell2009artificial,
  title={Artificial intelligence: a modern approach (3rd edition)},
  author={Russell, Stuart Jonathan and Norvig, Peter},
  year={2009},
  publisher={Prentice Hall}
}